<?xml version="1.0" encoding="UTF-8"?><record xmlns="http://www.loc.gov/MARC21/slim" xmlns:cinclude="http://apache.org/cocoon/include/1.0" xmlns:zs="http://www.loc.gov/zing/srw/">
  <leader>00471nz  a2200145n  4500</leader>
  <controlfield tag="001">nb2007012073</controlfield>
  <controlfield tag="003">DLC</controlfield>
  <controlfield tag="005">20070523075147.0</controlfield>
  <controlfield tag="008">070521n| acannaabn          |n aaa      </controlfield>
  <datafield tag="010" ind1=" " ind2=" ">
    <subfield code="a">nb2007012073</subfield>
  </datafield>
  <datafield tag="035" ind1=" " ind2=" ">
    <subfield code="a">(Uk)006806835</subfield>
  </datafield>
  <datafield tag="040" ind1=" " ind2=" ">
    <subfield code="a">Uk</subfield>
    <subfield code="b">eng</subfield>
    <subfield code="c">Uk</subfield>
  </datafield>
  <datafield tag="100" ind1="1" ind2=" ">
    <subfield code="a">Vigneau, Karine</subfield>
  </datafield>
  <datafield tag="670" ind1=" " ind2=" ">
    <subfield code="a">ReĚpertoire analytique des contes madelinots recueillis par le peĚre Anselme Chiasson, 2005:</subfield>
    <subfield code="b">t.p. (Karine Vigneau)</subfield>
  </datafield>
  <datafield tag="670" ind1=" " ind2=" ">
    <subfield code="a">LAC auth. file, 21 May 2007</subfield>
    <subfield code="b">(hdg.: Vigneau, Karine)</subfield>
  </datafield>
</record>